<collection xmlns="http://www.loc.gov/MARC21/slim"><record><leader>00892nam  2200265   450</leader><controlfield tag="001">73</controlfield><controlfield tag="003">http://montalegre.opacnet.com/OPAC/default.aspx?ContentAreaControl=ShowRegHoldings.ascx&amp;RegNo=16662</controlfield><controlfield tag="005">20</controlfield><datafield tag="021" ind1=" " ind2=" "><subfield code="a">PT</subfield><subfield code="b">9359/85</subfield></datafield><datafield tag="100" ind1=" " ind2=" "><subfield code="a">20061013d1985    m  y0pory010305  ba</subfield></datafield><datafield tag="101" ind1="1" ind2=" "><subfield code="a">por</subfield><subfield code="c">fre</subfield></datafield><datafield tag="102" ind1=" " ind2=" "><subfield code="a">PT</subfield></datafield><datafield tag="200" ind1="1" ind2=" "><subfield code="a">&lt;O &gt;sangue dos outros</subfield><subfield code="f">Simone de Beauvoir</subfield><subfield code="g">tradução de Miguel Serras Pereira</subfield></datafield><datafield tag="210" ind1=" " ind2=" "><subfield code="a">Lisboa</subfield><subfield code="c">Dom Quixote</subfield><subfield code="d">1985</subfield></datafield><datafield tag="215" ind1=" " ind2=" "><subfield code="a">243 p.</subfield><subfield code="d">23 cm</subfield></datafield><datafield tag="225" ind1="0" ind2=" "><subfield code="a">Ficção universal</subfield><subfield code="v">6</subfield></datafield><datafield tag="304" ind1=" " ind2=" "><subfield code="a">Les sang des autres</subfield></datafield><datafield tag="606" ind1="1" ind2=" "><subfield code="a">Literatura francesa</subfield></datafield><datafield tag="608" ind1=" " ind2=" "><subfield code="a">Romance</subfield><subfield code="2">Autoridade</subfield><subfield code="3">PT9999-00-10-2009040123590005548</subfield></datafield><datafield tag="675" ind1=" " ind2=" "><subfield code="a">821</subfield></datafield><datafield tag="700" ind1=" " ind2="1"><subfield code="a">Beauvoir</subfield><subfield code="b">Simone de</subfield></datafield><datafield tag="702" ind1=" " ind2="1"><subfield code="a">Pereira</subfield><subfield code="b">Miguel Serras</subfield><subfield code="f">1949-</subfield><subfield code="4">730</subfield></datafield><datafield tag="801" ind1=" " ind2="0"><subfield code="a">PT</subfield><subfield code="b">Biblioteca Municipal de Montalegre</subfield><subfield code="g">RPC</subfield></datafield><datafield tag="856" ind1=" " ind2=" "><subfield code="u">locateMedia.asp?cod=20060508142425&amp;ext=jpg</subfield><subfield code="z">CAPA</subfield></datafield><datafield tag="909" ind1="&#9;" ind2=" "><subfield code="a">2</subfield></datafield><datafield tag="966" ind1=" " ind2=" "><subfield code="a">0008405</subfield><subfield code="l">BMM</subfield><subfield code="s">SCG 821 BEA san 6</subfield></datafield><datafield tag="966" ind1=" " ind2=" "><subfield code="a">0008404</subfield><subfield code="l">BMM</subfield><subfield code="s">SCG 821 BEA san 6</subfield></datafield></record></collection>